<?xml version="1.0" encoding="UTF-8"?><collection xmlns="http://www.loc.gov/MARC21/slim"><record><leader>00507nam--2200181-i-4500</leader><controlfield tag="001">000001970</controlfield><controlfield tag="002">20161230</controlfield><controlfield tag="005">20170111000124</controlfield><controlfield tag="008">060222s1000------------r-----000-0-eng-d</controlfield><datafield ind1=" " ind2=" " tag="040"><subfield code="a">IFIN-HH</subfield></datafield><datafield ind1=" " ind2=" " tag="080"><subfield code="a">537.32:621.362/3</subfield></datafield><datafield ind1="1" ind2=" " tag="100"><subfield code="a">Goldsmid, H. J</subfield></datafield><datafield ind1="1" ind2="0" tag="245"><subfield code="a">Applications of thermoelectricity</subfield><subfield code="c">H.J. Goldsmid</subfield></datafield><datafield ind1=" " ind2=" " tag="260"><subfield code="a">London</subfield><subfield code="b">Methuen &amp; Co Ltd</subfield><subfield code="c">1960</subfield></datafield><datafield ind1=" " ind2=" " tag="300"><subfield code="a">118 p. + XV p</subfield></datafield><datafield ind1=" " ind2=" " tag="490"><subfield code="a">Meuthuen'S Monographs On Physical Subjects</subfield></datafield><datafield ind1=" " ind2=" " tag="852"><subfield code="a">10665</subfield><subfield code="c">537:538</subfield></datafield><datafield ind1=" " ind2=" " tag="CAT"><subfield code="a">SYS</subfield><subfield code="c">20170111</subfield><subfield code="h">000124</subfield></datafield></record></collection>